<?xml version="1.0" encoding="UTF-8"?>
<Document xmlns="urn:iso:std:iso:20022:tech:xsd:pain.001.001.11">
    <CstmrCdtTrfInitn>
        <GrpHdr>
            <MsgId>MSG-TEST-001</MsgId>
            <CreDtTm>2025-01-15T10:30:00+00:00</CreDtTm>
            <NbOfTxs>1</NbOfTxs>
            <CtrlSum>1000.00</CtrlSum>
            <InitgPty>
                <Nm>Test Initiating Party</Nm>
            </InitgPty>
        </GrpHdr>
        <PmtInf>
            <PmtInfId>PMT-001</PmtInfId>
            <PmtMtd>TRF</PmtMtd>
            <NbOfTxs>1</NbOfTxs>
            <CtrlSum>1000.00</CtrlSum>
            <ReqdExctnDt>
                <Dt>2025-01-20</Dt>
            </ReqdExctnDt>
            <Dbtr>
                <Nm>John Doe</Nm>
            </Dbtr>
            <DbtrAcct>
                <Id>
                    <IBAN>DE89370400440532013000</IBAN>
                </Id>
                <Ccy>EUR</Ccy>
            </DbtrAcct>
            <DbtrAgt>
                <FinInstnId>
                    <BICFI>COBADEFFXXX</BICFI>
                </FinInstnId>
            </DbtrAgt>
            <CdtTrfTxInf>
                <PmtId>
                    <InstrId>INSTR-001</InstrId>
                    <EndToEndId>E2E-001</EndToEndId>
                </PmtId>
                <Amt>
                    <InstdAmt Ccy="EUR">1000.00</InstdAmt>
                </Amt>
                <CdtrAgt>
                    <FinInstnId>
                        <BICFI>BNPAFRPPXXX</BICFI>
                    </FinInstnId>
                </CdtrAgt>
                <Cdtr>
                    <Nm>Jane Smith</Nm>
                </Cdtr>
                <CdtrAcct>
                    <Id>
                        <IBAN>FR7630006000011234567890189</IBAN>
                    </Id>
                </CdtrAcct>
                <RmtInf>
                    <Ustrd>Invoice 12345 payment</Ustrd>
                </RmtInf>
            </CdtTrfTxInf>
        </PmtInf>
    </CstmrCdtTrfInitn>
</Document>
